@book{saleh1991fotonica,
  author    = {Bahaa E. A. Saleh and Malvin Carl Teich},
  title     = {Fundamentals of Photonics},
  year      = {1991},
  publisher = {Wiley},
}

@book{joannopoulos2008molding,
  author    = {Joannopoulos, John D. and Johnson, Steven G. and Winn, Joshua N. and Meade, Robert D.},
  title     = {Molding the Flow of Light},
  year      = {2008},
  publisher = {Princeton University Press}
}
